

@article{Hamada:2014iga,
      author         = "Hamada, Yuta and Kawai, Hikaru and Oda, Kin-ya and Park,
                        Seong Chan",
      title          = "{Higgs inflation still alive}",
      journal        = "Phys.Rev.Lett.",
      volume         = "112",
      pages          = "241301",
      doi            = "10.1103/PhysRevLett.112.241301",
      year           = "2014",
      eprint         = "1403.5043",
      archivePrefix  = "arXiv",
      primaryClass   = "hep-ph",
      SLACcitation   = "%%CITATION = ARXIV:1403.5043;%%",
}


@article{Bezrukov:2009yw,
      author         = "Bezrukov, F. and Gorbunov, D.",
      title          = "{Light inflaton Hunter's Guide}",
      journal        = "JHEP",
      volume         = "1005",
      pages          = "010",
      doi            = "10.1007/JHEP05(2010)010",
      year           = "2010",
      eprint         = "0912.0390",
      archivePrefix  = "arXiv",
      primaryClass   = "hep-ph",
      SLACcitation   = "%%CITATION = ARXIV:0912.0390;%%",
}


@article{Zhitnitsky:2013pna,
      author         = "Zhitnitsky, Ariel R.",
      title          = "{Inflaton as an auxiliary topological field in a QCD-like
                        system}",
      journal        = "Phys.Rev.",
      volume         = "D89",
      pages          = "063529",
      doi            = "10.1103/PhysRevD.89.063529",
      year           = "2014",
      eprint         = "1310.2258",
      archivePrefix  = "arXiv",
      primaryClass   = "hep-th",
      SLACcitation   = "%%CITATION = ARXIV:1310.2258;%%",
}


@article{Hertzberg:2013mba,
      author         = "Hertzberg, Mark P. and Karouby, Johanna",
      title          = "{Generating the Observed Baryon Asymmetry from the
                        Inflaton Field}",
      journal        = "Phys.Rev.",
      volume         = "D89",
      pages          = "063523",
      doi            = "10.1103/PhysRevD.89.063523",
      year           = "2014",
      eprint         = "1309.0010",
      archivePrefix  = "arXiv",
      primaryClass   = "hep-ph",
      reportNumber   = "MIT-CTP-4493",
      SLACcitation   = "%%CITATION = ARXIV:1309.0010;%%",
}


@article{Graham:2012th,
      author         = "Graham, Peter W. and Kaplan, David E. and Rajendran,
                        Surjeet and Saraswat, Prashant",
      title          = "{Displaced Supersymmetry}",
      journal        = "JHEP",
      volume         = "1207",
      pages          = "149",
      doi            = "10.1007/JHEP07(2012)149",
      year           = "2012",
      eprint         = "1204.6038",
      archivePrefix  = "arXiv",
      primaryClass   = "hep-ph",
      SLACcitation   = "%%CITATION = ARXIV:1204.6038;%%",
}


@article{Freytsis:2009ct,
      author         = "Freytsis, Marat and Ligeti, Zoltan and Thaler, Jesse",
      title          = "{Constraining the Axion Portal with B ---&gt; K l+ l-}",
      journal        = "Phys.Rev.",
      volume         = "D81",
      pages          = "034001",
      doi            = "10.1103/PhysRevD.81.034001",
      year           = "2010",
      eprint         = "0911.5355",
      archivePrefix  = "arXiv",
      primaryClass   = "hep-ph",
      SLACcitation   = "%%CITATION = ARXIV:0911.5355;%%",
}


@article{Hertzberg:2013jba,
      author         = "Hertzberg, Mark P. and Karouby, Johanna",
      title          = "{Baryogenesis from the Inflaton Field}",
      year           = "2013",
      eprint         = "1309.0007",
      archivePrefix  = "arXiv",
      primaryClass   = "hep-ph",
      reportNumber   = "MIT-CTP-4485",
      SLACcitation   = "%%CITATION = ARXIV:1309.0007;%%",
}


@article{Bezrukov:2013fka,
      author         = "Bezrukov, Fedor",
      title          = "{The Higgs field as an inflaton}",
      journal        = "Class.Quant.Grav.",
      volume         = "30",
      pages          = "214001",
      doi            = "10.1088/0264-9381/30/21/214001",
      year           = "2013",
      eprint         = "1307.0708",
      archivePrefix  = "arXiv",
      primaryClass   = "hep-ph",
      reportNumber   = "RBRC1042, RBRC1042",
      SLACcitation   = "%%CITATION = ARXIV:1307.0708;%%",
}


@article{Bezrukov:2014nza,
      author         = "Bezrukov, F. and Gorbunov, D.",
      title          = "{Relic Gravity Waves and 7 keV Dark Matter from a GeV
                        scale inflaton}",
      year           = "2014",
      eprint         = "1403.4638",
      archivePrefix  = "arXiv",
      primaryClass   = "hep-ph",
      SLACcitation   = "%%CITATION = ARXIV:1403.4638;%%",
}


@article{Peccei:2006as,
  author         = "Peccei, R.D.",
  title          = "{The Strong CP problem and axions}",
  journal        = "Lect.Notes Phys.",
  volume         = "741",
  pages          = "3-17",
  doi            = "10.1007/978-3-540-73518-2_1",
  year           = "2008",
  eprint         = "hep-ph/0607268",
  archivePrefix  = "arXiv",
  primaryClass   = "hep-ph",
  SLACcitation   = "%%CITATION = HEP-PH/0607268;%%",
}

@article{Baker:2006ts,
author         = "Baker, C.A. and Doyle, D.D. and Geltenbort, P. and Green,
  K. and van der Grinten, M.G.D. and others",
title          = "{An Improved experimental limit on the electric dipole
    moment of the neutron}",
journal        = "Phys.Rev.Lett.",
volume         = "97",
pages          = "131801",
doi            = "10.1103/PhysRevLett.97.131801",
year           = "2006",
eprint         = "hep-ex/0602020",
archivePrefix  = "arXiv",
primaryClass   = "hep-ex",
SLACcitation   = "%%CITATION = HEP-EX/0602020;%%",
}



% CCBAR RooInterModel model
@article{Bobeth:2011nj,
  author         = "Bobeth, Christoph and Hiller, Gudrun and van Dyk, Danny and Wacker, Christian",
  title          = "{The Decay $B\rightarrow K \ell^+ \ell^-$ at Low Hadronic Recoil and Model-Independent Delta B = 1 Constraints}",
  journal        = "JHEP",
  volume         = "1201",
  pages          = "107",
  doi            = "10.1007/JHEP01(2012)107",
  year           = "2012",
  eprint         = "1111.2558",
  archivePrefix  = "arXiv",
  primaryClass   = "hep-ph",
  reportNumber   = "DO-TH-11-23, EOS-2011-03",
  SLACcitation   = "%%CITATION = ARXIV:1111.2558;%%",
}

@article{Mike,
  author         = "Mike",
  title         = "Search strategy",
}

@article{Asymptote,
  author         = "Asymptote",
  title         = "Asymptote Asymptote",
}

@article{x1070vlad,
  year={2008},
  issn={1063-7788},
  journal={Physics of Atomic Nuclei},
  volume={71},
  number={12},
  doi={10.1134/S1063778808120156},
  title={Comparative analysis of the narrow resonances},
  url={http://dx.doi.org/10.1134/S1063778808120156},
  publisher={SP MAIK Nauka/Interperiodica},
  keywords={11.80.Et; 14.40.Cs},
  author={Vladimirsky, V.V. and Grigorâ€™ev, V.K. and Erofeev, I.A. and Erofeeva, O.N. and Zaitsev, A.P. and Katinov, Yu.V. and Lisin, V.I. and Luzin, V.N. and Nozdrachev, V.N. and Sokolovsky, V.V. and Fadeeva, E.A. and Shkurenko, Yu.P.},
  pages={2129-2137},
  language={English}
}


@article{Davoudiasl:2012qa,
  author         = "Davoudiasl, Hooman and Lee, Hye-Sung and Marciano, William J.",
  title          = "{Muon Anomaly and Dark Parity Violation}",
  journal        = "Phys.Rev.Lett.",
  volume         = "109",
  pages          = "031802",
  doi            = "10.1103/PhysRevLett.109.031802",
  year           = "2012",
  eprint         = "1205.2709",
  archivePrefix  = "arXiv",
  primaryClass   = "hep-ph",
  SLACcitation   = "%%CITATION = ARXIV:1205.2709;%%",
}

@article{Davoudiasl:2012ag,
  author         = "Davoudiasl, Hooman and Lee, Hye-Sung and Marciano, William J.",
  title          = "{'Dark' Z implications for Parity Violation, Rare Meson Decays, and Higgs Physics}",
  journal        = "Phys.Rev.",
  volume         = "D85",
  pages          = "115019",
  doi            = "10.1103/PhysRevD.85.115019",
  year           = "2012",
  eprint         = "1203.2947",
  archivePrefix  = "arXiv",
  primaryClass   = "hep-ph",
  SLACcitation   = "%%CITATION = ARXIV:1203.2947;%%",
}

@article{Lee:2014lga,
  author         = "Lee, Hye-Sung",
  title          = "{Parity Violation by a Dark Gauge Boson}",
  year           = "2014",
  eprint         = "1410.8435",
  archivePrefix  = "arXiv",
  primaryClass   = "hep-ph",
  reportNumber   = "CERN-PH-TH-2014-208",
  SLACcitation   = "%%CITATION = ARXIV:1410.8435;%%",
}


@article{Crewther:PQref9,
  author         = {R. Crewther, P. di Vecchia, G. Veneziano and E. Witten},
  title          = {Chiral estimate of the electric dipole moment of the neutron in quantum chromodynamics},
  journal        = "Phys.Lett.",
  volume         = "B88",
  pages          = "123-127",
  year           = "1979",
  doi            = "doi:10.1016/0370-2693(79)90128-X",
}


@article{PhysRevLett.38.1440,
  title = {$\mathrm{CP}$ Conservation in the Presence of Pseudoparticles},
  author = {Peccei, R. D. and Quinn, Helen R.},
  journal = {Phys. Rev. Lett.},
  volume = {38},
  issue = {25},
  pages = {1440--1443},
  numpages = {0},
  year = {1977},
  month = {Jun},
  publisher = {American Physical Society},
  doi = {10.1103/PhysRevLett.38.1440},
  url = {http://link.aps.org/doi/10.1103/PhysRevLett.38.1440}
}


@article{Williams:2015xfa,
  author         = "Williams, Mike",
  title          = "{Searching for a particle of unknown mass and lifetime in the presence of an unknown non-monotonic background}",
  year           = "2015",
  eprint         = "1503.04767",
  archivePrefix  = "arXiv",
  primaryClass   = "hep-ex",
  SLACcitation   = "%%CITATION = ARXIV:1503.04767;%%",
}


@article{Massey01062015,
  author = {Massey, Richard and Williams, Liliya and Smit, Renske and Swinbank, Mark and Kitching, Thomas D. and Harvey, David and Jauzac, Mathilde and Israel, Holger and Clowe, Douglas and Edge, Alastair and Hilton, Matt and Jullo, Eric and Leonard, Adrienne and Liesenborgs, Jori and Merten, Julian and Mohammed, Irshad and Nagai, Daisuke and Richard, Johan and Robertson, Andrew and Saha, Prasenjit and Santana, Rebecca and Stott, John and Tittley, Eric},
  title = {The behaviour of dark matter associated with four bright cluster galaxies in the 10 kpc core of Abell 3827},
  volume = {449},
  number = {4},
  pages = {3393-3406},
  year = {2015},
  doi = {10.1093/mnras/stv467},
  URL = {http://mnras.oxfordjournals.org/content/449/4/3393.abstract},
  eprint = {http://mnras.oxfordjournals.org/content/449/4/3393.full.pdf+html},
  journal = {Monthly Notices of the Royal Astronomical Society}
}


@article{CERNNA48/2:2015lha,
  key            = "1357601",
  title          = "{Search for the dark photon in $\pi^0$ decays}",
  collaboration  = "CERN NA48/2",
  year           = "2015",
  eprint         = "1504.00607",
  archivePrefix  = "arXiv",
  primaryClass   = "hep-ex",
  reportNumber   = "CERN-PH-EP-2015-093",
  SLACcitation   = "%%CITATION = ARXIV:1504.00607;%%",
}


@article{Lees:2014xha,
  author         = "Lees, J.P. and others",
  title          = "{Search for a Dark Photon in $e^+e^-$ Collisions at BaBar}",
  collaboration  = "BaBar",
  journal        = "Phys.Rev.Lett.",
  number         = "20",
  volume         = "113",
  pages          = "201801",
  doi            = "10.1103/PhysRevLett.113.201801",
  year           = "2014",
  eprint         = "1406.2980",
  archivePrefix  = "arXiv",
  primaryClass   = "hep-ex",
  reportNumber   = "BABAR-PUB-14-002, SLAC-PUB-15979",
  SLACcitation   = "%%CITATION = ARXIV:1406.2980;%%",
}


@article{Essig:2013lka,
  author         = "Essig, Rouven and Jaros, John A. and Wester, William and Adrian, P. Hansson and Andreas, S. and others",
  title          = "{Working Group Report: New Light Weakly Coupled Particles}",
  year           = "2013",
  eprint         = "1311.0029",
  archivePrefix  = "arXiv",
  primaryClass   = "hep-ph",
  reportNumber   = "YITP-SB-36",
  SLACcitation   = "%%CITATION = ARXIV:1311.0029;%%",
}


@article{Batell:2009jf,
  author         = "Batell, Brian and Pospelov, Maxim and Ritz, Adam",
  title          = "{Multi-lepton Signatures of a Hidden Sector in Rare B Decays}",
  journal        = "Phys.Rev.",
  volume         = "D83",
  pages          = "054005",
  doi            = "10.1103/PhysRevD.83.054005",
  year           = "2011",
  eprint         = "0911.4938",
  archivePrefix  = "arXiv",
  primaryClass   = "hep-ph",
  SLACcitation   = "%%CITATION = ARXIV:0911.4938;%%",
}


@article{DB,
  author         = {S.Hall},
  title          = {A new particle},
}
