% Correct Bibtex entries are best obtained by cut-and-paste from
% Spires or Inspire.
% - They might still need some editing of Latex symbols in
%   the titles.
% - Page ranges should in many cases be shortened to just
%   having the start page.
% - Collaborations might need to be added or indeed just the word
%   "collaboration" put after them.

% Below are a set of standard references to use for LHCb.

% The LHCb detector paper
@article{Alves:2008zz,
      author         = "Alves~Jr., A. A. and others",
      title          = "{The \lhcb detector at the LHC}",
      collaboration  = "LHCb collaboration",
      journal        = "JINST",
      volume         = "3",
      pages          = "S08005",
      doi            = "10.1088/1748-0221/3/08/S08005",
      year           = "2008",
}

% The standard trigger reference
@article{Aaij:2012me,
      author         = "Aaij, R. and Albrecht, J. and Alessio, F. and Amato, S.
                        and Aslanides, E. and others",
      title          = "{The \lhcb trigger and its performance}",
      year           = "2012",
      eprint         = "1211.3055",
      archivePrefix  = "arXiv",
      primaryClass   = "hep-ex",
      SLACcitation   = "%%CITATION = ARXIV:1211.3055;%%",
}

% The HLT1 in 2010 data
@lhcbreport{LHCb-PUB-2011-003,
      author       = "Gligorov, Vladimir V",
      title        = "{A single track HLT1 trigger}",
      number       = "LHCb-PUB-2011-003",
}

% Standard reference for RICH performance
@article{arXiv:1211-6759,
      author         = "Adinolfi, M. and others",
      title          = "{Performance of the \lhcb RICH detector at the LHC}",
      year           = "2012",
      eprint         = "1211.6759",
      archivePrefix  = "arXiv",
      primaryClass   = "physics.ins-det",
      SLACcitation   = "%%CITATION = ARXIV:1211.6759;%%",
}



% PID performance
@article{LHCb-PROC-2011-008,
      author         = "Powell, A. and others",
      title          = "{Particle identification at LHCb}",
      journal        = "PoS",
      volume         = "ICHEP2010",
      pages          = "020",
      year           = "2010",
      note           = "\href{https://cdsweb.cern.ch/record/1322666?ln=en}{LHCb-PROC-2011-008}",
      SLACcitation   = "%%CITATION = POSCI,ICHEP2010,020;%%",
}

% The LHCb simulation
@article{LHCb-PROC-2011-006,
  author={Clemencic, M and others},
  title="{The \lhcb simulation application, \gauss: design, evolution and experience}",
  journal="{J. of Phys.: Conf. Ser.}",
  volume={331},
  pages={032023},
  doi={10.1088/1742-6596/331/3/032023},
  year={2011},
}

@article{splot,
   author = {{Pivk}, M. and {Le Diberder}, F.~R.},
    title = "{Plots: A statistical tool to unfold data distributions}",
  journal = {Nuclear Instruments and Methods in Physics Research A},
   eprint = {arXiv:physics/0402083},
     year = 2005,
    month = dec,
   volume = 555,
    pages = {356-369},
      doi = {10.1016/j.nima.2005.08.106},
   adsurl = {http://adsabs.harvard.edu/abs/2005NIMPA.555..356P},
  adsnote = {Provided by the SAO/NASA Astrophysics Data System}
}

% Pythia tuning
@article{LHCb-PROC-2010-056,
      author         = "Belyaev, I. and others",
      title          = "{Handling of the generation of primary events
in \gauss, the \lhcb simulation framework}",
      journal        = "Nuclear Science Symposium Conference Record
(NSS/MIC)",
      volume         = "IEEE",
      pages          = "1155",
      year           = "2010",
      doi            = "10.1109/NSSMIC.2010.5873949",
}

% The PDG 2012 version
@Article{PDG2012,
     author    = "Beringer, J. and others",
     collaboration = "Particle Data Group",
     title     = "{\href{http://pdg.lbl.gov/}{Review of particle physics}}",
     journal   = "Phys. Rev.",
     volume    = "D86",
     year      = "2012",
     pages     = "010001",
     doi       = "10.1103/PhysRevD.86.010001",
}

% The PDG 2014 version
@Article{PDG2014,
     author    = "Olive, K.A. and others",
     collaboration = "Particle Data Group",
     title     = "{\href{http://pdg.lbl.gov/}{Review of particle physics}}",
     journal   = "Chin.Phys.",
     volume    = "C28",
     year      = "2014",
     pages     = "090001",
     doi       = "10.1088/1674-1137/38/9/090001",
}

% Pythia
@article{Sjostrand:2006za,
      author         = {Sj\"{o}strand, Torbj\"{o}rn and Mrenna, Stephen and
                       Skands, Peter"},
      title          = "{PYTHIA 6.4 physics and manual}",
      journal        = "JHEP",
      volume         = "05",
      pages          = "026",
      doi            = "10.1088/1126-6708/2006/05/026",
      year           = "2006",
      eprint         = "hep-ph/0603175",
      archivePrefix  = "arXiv",
      primaryClass   = "hep-ph",
}

@article{Sjostrand:2007gs,
      author         = {Sj\"{o}strand, Torbj\"{o}rn and Mrenna, Stephen and
                        Skands, Peter"},
      title          = "{A brief introduction to PYTHIA 8.1}",
      journal        = "Comput.Phys.Commun.",
      volume         = "178",
      pages          = "852-867",
      doi            = "10.1016/j.cpc.2008.01.036",
      year           = "2008",
      eprint         = "0710.3820",
      archivePrefix  = "arXiv",
      primaryClass   = "hep-ph",
      reportNumber   = "CERN-LCGAPP-2007-04, LU-TP-07-28,
                        FERMILAB-PUB-07-512-CD-T",
      SLACcitation   = "%%CITATION = ARXIV:0710.3820;%%",
}

%GEANT4 (the two below should be used together)
@Article{Agostinelli:2002hh,
     author    = "Agostinelli, S. and others",
 collaboration = "GEANT4 collaboration",
     title     = "{GEANT4: A simulation toolkit}",
     journal   = "Nucl. Instrum. Meth.",
     volume    = "A506",
     year      = "2003",
     pages     = "250",
     doi       = "10.1016/S0168-9002(03)01368-8",
     SLACcitation  = "%%CITATION = NUIMA,A506,250;%%"
}

@article{Allison:2006ve,
      author         = "Allison, John and Amako, K. and Apostolakis, J. and
                        Araujo, H. and Dubois, P.A. and others",
 collaboration = "GEANT4 collaboration",
      title          = "{Geant4 developments and applications}",
      journal        = "IEEE Trans.Nucl.Sci.",
      volume         = "53",
      pages          = "270",
      doi            = "10.1109/TNS.2006.869826",
      year           = "2006",
      reportNumber   = "SLAC-PUB-11870",
      SLACcitation   = "%%CITATION = IETNA,53,270;%%",
}


% EVTGEN
@Article{Lange:2001uf,
     author    = "Lange, D. J.",
     title     = "{The EvtGen particle decay simulation package}",
     journal   = "Nucl. Instrum. Meth.",
     volume    = "A462",
     year      = "2001",
     pages     = "152-155",
     doi       = "10.1016/S0168-9002(01)00089-4",
     SLACcitation  = "%%CITATION = NUIMA,A462,152;%%"
}

% PHOTOS
@article{Golonka:2005pn,
      author         = "Golonka, Piotr and Was, Zbigniew",
      title          = "{PHOTOS Monte Carlo: a precision tool for QED
                  corrections in $Z$ and $W$ decays}",
      journal        = "Eur.Phys.J.",
      volume         = "C45",
      pages          = "97-107",
      doi            = "10.1140/epjc/s2005-02396-4",
      year           = "2006",
      eprint         = "hep-ph/0506026",
      archivePrefix  = "arXiv",
      primaryClass   = "hep-ph",
      reportNumber   = "IFJPAN-V-05-01, CERN-PH-TH-2005-091",
      SLACcitation   = "%%CITATION = HEP-PH/0506026;%%",
}

% Crystal Ball function
@PhdThesis{Skwarnicki:1986xj,
  author    = "Skwarnicki, Tomasz",
  title     = "{A study of the radiative cascade transitions between the
                  Upsilon-prime and Upsilon resonances}",
  school = 	 {Institute of Nuclear Physics, Krakow},
  year = 	 {1986},
  note = 	 "{\href{http://inspirehep.net/record/230779/files/230779.pdf}{DESY-F31-86-02}}",
  SLACcitation   = "%%CITATION = DESY-F31-86-02 ETC.;%%"
}

% BDT
@book{Breiman,
  author = 	 {Breiman, L. and Friedman, J. H. and Olshen,
                  R. A. and Stone, C. J.},
  title = 	 {Classification and regression trees},
  publisher = 	 {Wadsworth international group},
  year = 	 {1984},
  address = 	 {Belmont, California, USA},
}

@article{Roe,
   author = {Roe, B.~P. and Yang, H.-J. and Zhu, J. and Liu,
                  Y. and Stancu, I. and McGregor, G.},
    title = "{Boosted decision trees as an alternative to artificial neural networks for particle identification}",
  journal = {Nucl.Instrum.Meth.},
   eprint = {physics/0408124},
archivePrefix  = "arXiv",
 primaryClass   = "physics",
     year = "2005",
   volume = "A543",
    pages = {577-584},
      doi = {10.1016/j.nima.2004.12.018},
}

% BDT training with AdaBoost
@Article{AdaBoost,
  author = 	 {Schapire, Robert E. and Freund, Yoav},
  title = 	 {A decision-theoretic generalization of on-line learning and an application to boosting},
  journal = 	 {Jour. Comp. and Syst. Sc.},
  volume         = "55",
  pages          = "119",
  year = 	 {1997},
  doi            = "10.1006/jcss.1997.1504",
}

%DecayTreeFitter
@article{Hulsbergen:2005pu,
      author         = "Hulsbergen, Wouter D.",
      title          = "{Decay chain fitting with a Kalman filter}",
      journal        = "Nucl.Instrum.Meth.",
      volume         = "A552",
      pages          = "566-575",
      doi            = "10.1016/j.nima.2005.06.078",
      year           = "2005",
      eprint         = "physics/0503191",
      archivePrefix  = "arXiv",
      primaryClass   = "physics",
      SLACcitation   = "%%CITATION = PHYSICS/0503191;%%",
}

@article{Majorana:1937vz,
      author         = "Majorana, Ettore",
      title          = "{Teoria simmetrica dell'elettrone e del positrone}",
      journal        = "Nuovo Cim.",
      volume         = "14",
      pages          = "171-184",
      doi            = "10.1007/BF02961314",
      year           = "1937",
}

@article{Pati:1974yy,
      author         = "Pati, Jogesh C. and Salam, Abdus",
      title          = "{Lepton Number as the Fourth Color}",
      journal        = "Phys. Rev.",
      volume         = "D10",
      pages          = "275-289",
      doi            = "10.1103/PhysRevD.10.275",
      year           = "1974",
      note           = "Erratum-ibid. {\bf D11} (1975) 703",
}

@article{Pascoli:2007qh,
      author         = "Pascoli, S. and Petcov, S.T.",
      title          = "{Majorana neutrinos, neutrino mass spectrum and the
                        $|\langle m \rangle| \sim 10^{-3}$~eV frontier in
                        neutrinoless double beta decay}",
      journal        = "Phys.\ Rev.",
      volume         = "D77",
      pages          = "113003",
      doi            = "10.1103/PhysRevD.77.113003",
      year           = "2008",
      eprint         = "0711.4993",
      archivePrefix  = "arXiv",
      primaryClass   = "hep-ph",
}

@article{Aaij:2011rj,
      author         = "Aaij, R and others",
      title          = "{Search for the rare decays $\Bs \to \mumu$ and
                       $\Bd \to \mumu$}",
      collaboration  = "LHCb collaboration",
      journal        = "Phys. Lett.",
      volume         = "B699",
      pages          = "330-340",
      doi            = "10.1016/j.physletb.2011.04.031",
      year           = "2011",
      eprint         = "1103.2465",
      archivePrefix  = "arXiv",
      primaryClass   = "hep-ex",
}

@article{FerroLuzzi:2005em,
      author         = "Ferro-Luzzi, M.",
      title          = "{Proposal for an absolute luminosity determination in
                        colliding beam experiments using vertex detection of
                        beam-gas interactions}",
      journal        = "Nucl.Instrum.Meth.",
      volume         = "A553",
      pages          = "388-399",
      doi            = "10.1016/j.nima.2005.07.010",
      year           = "2005",
}

@article{Skands:2009zm,
      author         = "Skands, Peter Z.",
      title          = "{The Perugia tunes}",
      year           = "2009",
      eprint         = "0905.3418",
      archivePrefix  = "arXiv",
      primaryClass   = "hep-ph",
}

@Misc{BibTeX,
  author = 	 {Feder, Alexander},
  title = 	 {Your {Bib\TeX} resource},
  howpublished = {\href{http://www.bibtex.org/} {http://www.bibtex.org/}},
}

@Misc{mciteplus,
  author = 	 {Shell, Michael},
  title = 	 {Mciteplus: Enhanced multicitations},
  howpublished = {\href{http://www.michaelshell.org/tex/mciteplus/} {http://www.michaelshell.org/tex/mciteplus/}},
}

@article{Bobeth:2011gi,
      author         = "Bobeth, Christoph and Hiller, Gudrun and van Dyk, Danny",
      title          = "{More benefits of semileptonic rare $B$ decays at low
                        recoil: \CP Violation}",
      journal        = "JHEP",
      volume         = "07",
      pages          = "067",
      doi            = "10.1007/JHEP07(2011)067",
      year           = "2011",
      eprint         = "1105.0376",
      archivePrefix  = "arXiv",
      primaryClass   = "hep-ph",
      reportNumber   = "DO-TH-10-16",
      SLACcitation   = "%%CITATION = ARXIV:1105.0376;%%",
}

@lhcbreport{LHCb-INT-2011-047,
      author       = "Dickens, Jeremy",
      title        = "A measurement of the photon efficiency from the 2010 data",
      number       = "LHCb-INT-2011-047",
}

@lhcbreport{LHCb-ANA-2011-078,
      author       = "Adrover, C and Albrecht, J and Bettler, M-O and Carson, L
                      and Cid Vidal, X and Elsasser, C and Hernando Morata, J A
                      and Lanfranchi, G and Mancinelli, G and Martinez Santos, D
                      and Matveev, M and Palutan, M and Perrin-Terrin, M and
                      Sagidova, N and Sarti, A and Serrano, J and Shcheglov, Y and
                      Steinkamp, O and Archilli, F and Sciascia, B",
      title        = "{Searches for $B_s \to \mu\mu$ and $B_d \to \mu\mu$ in 370
                      pb$^{-1}$ at LHCb}",
      number       = "LHCb-ANA-2011-078",
}

% BELLE paper, kpipi composition, a lot of kpipi plots
@article{Guler:2010if,
      author         = "Guler, H. and others",
      title          = "{Study of the $K^+ \pi^+ \pi^-$ Final State in $B^+ \to
                        J/\psi K^+ \pi^+ \pi^-$ and $B^+ \to \psi' K^+ \pi^+
                        \pi^-$}",
      collaboration  = "Belle Collaboration",
      journal        = "Phys.Rev.",
      volume         = "D83",
      pages          = "032005",
      doi            = "10.1103/PhysRevD.83.032005",
      year           = "2011",
      eprint         = "1009.5256",
      archivePrefix  = "arXiv",
      primaryClass   = "hep-ex",
      reportNumber   = "BELLE-PREPRINT-2010-20, KEK-PREPRINT-2010-32",
      SLACcitation   = "%%CITATION = ARXIV:1009.5256;%%",
}

% K1 form factors
@article{Nardulli:2005fn,
      author         = "Nardulli, G. and Pham, T.N.",
      title          = "{B \to K(1) gamma and tests of factorization for
                        two-body non leptonic B decays with axial-vector mesons}",
      journal        = "Phys.Lett.",
      volume         = "B623",
      pages          = "65-72",
      doi            = "10.1016/j.physletb.2005.07.048",
      year           = "2005",
      eprint         = "hep-ph/0505048",
      archivePrefix  = "arXiv",
      primaryClass   = "hep-ph",
      reportNumber   = "BARI-TH-513-05",
      SLACcitation   = "%%CITATION = HEP-PH/0505048;%%",
}

% K1 gamma BELLE
@article{Yang:2004as,
      author         = "Yang, Heyoung and others",
      title          = "{Observation of $B^+ \to K_1(1270)^+ \gamma$}",
      collaboration  = "Belle Collaboration",
      journal        = "Phys.Rev.Lett.",
      volume         = "94",
      pages          = "111802",
      doi            = "10.1103/PhysRevLett.94.111802",
      year           = "2005",
      eprint         = "hep-ex/0412039",
      archivePrefix  = "arXiv",
      primaryClass   = "hep-ex",
      reportNumber   = "BELLE-2004-37, KEK-2004-75",
      SLACcitation   = "%%CITATION = HEP-EX/0412039;%%",
}

% K1(1270)mumu prediction, theory paper, mixing angle etc.
@article{Hatanaka:2008gu,
    author         = "Hatanaka, Hisaki and Yang, Kwei-Chou",
    title          = "{$K_1(1270)-K_1(1400)$ Mixing Angle and New-Physics Effects in $B \to K_1 \ell^+ \ell^-$ Decays}",
    journal        = "Phys.Rev.",
    volume         = "D78",
    pages          = "074007",
    doi            = "10.1103/PhysRevD.78.074007",
    year           = "2008",
    eprint         = "0808.3731",
    archivePrefix  = "arXiv",
    primaryClass   = "hep-ph",
    SLACcitation   = "%%CITATION = ARXIV:0808.3731;%%",
}

@article{Hatanaka:2008xj,
  author         = "Hatanaka, Hisaki and Yang, Kwei-Chou",
  title          = "{$B\to K_{(1)}\gamma$ decays in the light-cone QCD sum rules}",
  journal        = "Phys.Rev.",
  volume         = "D77",
  pages          = "094023",
  doi            = "10.1103/PhysRevD.77.094023, 10.1103/PhysRevD.78.059902",
  year           = "2008",
  eprint         = "0804.3198",
  archivePrefix  = "arXiv",
  primaryClass   = "hep-ph",
  SLACcitation   = "%%CITATION = ARXIV:0804.3198;%%",
}

@article{Divotgey:2013jba,
      author         = "Divotgey, Florian and Olbrich, Lisa and Giacosa,
                        Francesco",
      title          = "{Phenomenology of axial-vector and pseudovector mesons:
                        decays and mixing in the kaonic sector}",
      journal        = "Eur.Phys.J.",
      volume         = "A49",
      pages          = "135",
      doi            = "10.1140/epja/i2013-13135-3",
      year           = "2013",
      eprint         = "1306.1193",
      archivePrefix  = "arXiv",
      primaryClass   = "hep-ph",
      SLACcitation   = "%%CITATION = ARXIV:1306.1193;%%",
}

@article{Li:2011nf,
  author         = "Li, Ying and Hua, Juan and Yang, Kwei-Chou",
  title          = "{$B \to K_1 \ell^+\ell^-$ Decays in a Family Non-universal $Z^\prime$ Model}",
  journal        = "Eur.Phys.J.",
  volume         = "C71",
  pages          = "1775",
  doi            = "10.1140/epjc/s10052-011-1775-2",
  year           = "2011",
  eprint         = "1107.0630",
  archivePrefix  = "arXiv",
  primaryClass   = "hep-ph",
  SLACcitation   = "%%CITATION = ARXIV:1107.0630;%%",
}

@article{Drutskoy:2003xh,
      author         = "Drutskoy, A. and others",
      title          = "{Observation of radiative $B\to \phi K \gamma$ decays}",
      collaboration  = "BELLE Collaboration",
      journal        = "Phys.Rev.Lett.",
      volume         = "92",
      pages          = "051801",
      doi            = "10.1103/PhysRevLett.92.051801",
      year           = "2004",
      eprint         = "hep-ex/0309006",
      archivePrefix  = "arXiv",
      primaryClass   = "hep-ex",
      reportNumber   = "BELLE-PREPRINT-2003-11, KEK-PREPRINT-2003-43",
      SLACcitation   = "%%CITATION = HEP-EX/0309006;%%",
}

@article{Aaij:2013iag,
      author         = "Aaij, R. and others",
      title          = "{Differential branching fraction and angular analysis of
                        the decay $B^{0} \to K^{*0} \mu^{+}\mu^{-}$}",
      collaboration  = "LHCb Collaboration",
      journal        = "JHEP",
      volume         = "1308",
      pages          = "131",
      doi            = "10.1007/JHEP08(2013)131",
      year           = "2013",
      eprint         = "1304.6325",
      archivePrefix  = "arXiv",
      primaryClass   = "hep-ex",
      reportNumber   = "CERN-PH-EP-2013-074, LHCB-PAPER-2013-019",
      SLACcitation   = "%%CITATION = ARXIV:1304.6325;%%",
}

@article{Aaij:2013aln,
      author         = "Aaij, R and others",
      title          = "{Differential branching fraction and angular analysis of
                        the decay $B_s^0\to\phi\mu^{+}\mu^{-}$}",
      collaboration  = "LHCb collaboration",
      journal        = "JHEP",
      volume         = "1307",
      pages          = "084",
      doi            = "10.1007/JHEP07(2013)084",
      year           = "2013",
      eprint         = "1305.2168",
      archivePrefix  = "arXiv",
      primaryClass   = "hep-ex",
      reportNumber   = "CERN-PH-EP-2013-078, LHCB-PAPER-2013-017",
      SLACcitation   = "%%CITATION = ARXIV:1305.2168;%%",
}

@article{Tayduganov:2011ui,
  author         = "Tayduganov, A. and Kou, E. and Le Yaouanc, A.",
  title          = "{The strong decays of K1 resonances}",
  journal        = "Phys.Rev.",
  volume         = "D85",
  pages          = "074011",
  doi            = "10.1103/PhysRevD.85.074011",
  year           = "2012",
  eprint         = "1111.6307",
  archivePrefix  = "arXiv",
  primaryClass   = "hep-ph",
  reportNumber   = "LPT-ORSAY-11-100, LAL-11-307",
  SLACcitation   = "%%CITATION = ARXIV:1111.6307;%%",
}

@article{PhysRevD.47.1252,
  title = {Strange axial-vector mesons},
  author = {Suzuki, Mahiko},
  journal = {Phys. Rev. D},
  volume = {47},
  issue = {3},
  pages = {1252--1255},
  numpages = {0},
  year = {1993},
  month = {Feb},
  publisher = {American Physical Society},
  doi = {10.1103/PhysRevD.47.1252},
  url = {http://link.aps.org/doi/10.1103/PhysRevD.47.1252}
}

@article{Cheng:2013cwa,
  author         = "Cheng, Hai-Yang",
  title          = "{Mixing angle of $K_1$ axial vector mesons}",
  year           = "2013",
  eprint         = "1311.2370",
  archivePrefix  = "arXiv",
  primaryClass   = "hep-ph",
  SLACcitation   = "%%CITATION = ARXIV:1311.2370;%%",
}

@article{Cheng:2011pb,
  author         = "Cheng, Hai-Yang",
  title          = "{Revisiting axial-vector meson mixing}",
  journal        = "Phys.Lett.",
  volume         = "B707",
  pages          = "116-120",
  doi            = "10.1016/j.physletb.2011.12.013",
  year           = "2012",
  eprint         = "1110.2249",
  archivePrefix  = "arXiv",
  primaryClass   = "hep-ph",
  SLACcitation   = "%%CITATION = ARXIV:1110.2249;%%",
}


@article{Gligorov:2012qt,
  author         = "Gligorov, Vladimir V. and Williams, Mike",
  title          = "{Efficient, reliable and fast high-level triggering using
    a bonsai boosted decision tree}",
  journal        = "JINST",
  volume         = "8",
  pages          = "P02013",
  doi            = "10.1088/1748-0221/8/02/P02013",
  year           = "2013",
  eprint         = "1210.6861",
  archivePrefix  = "arXiv",
  primaryClass   = "physics.ins-det",
  SLACcitation   = "%%CITATION = ARXIV:1210.6861;%%",
}

@article{Albrecht:2013fba,
  author         = "Albrecht, Johannes and Gligorov, V.V. and Raven, G. and
    Tolk, S.",
  title          = "{Performance of the LHCb High Level Trigger in 2012}",
  collaboration  = "LHCb HLT project",
  journal        = "J.Phys.Conf.Ser.",
  volume         = "513",
  pages          = "012001",
  doi            = "10.1088/1742-6596/513/1/012001",
  year           = "2014",
  eprint         = "1310.8544",
  archivePrefix  = "arXiv",
  primaryClass   = "hep-ex",
  SLACcitation   = "%%CITATION = ARXIV:1310.8544;%%",
}

@article{Amhis:2012bh,
  author         = "Amhis, Y. and others",
  title          = "{Averages of B-Hadron, C-Hadron, and tau-lepton
    properties as of early 2012}",
  collaboration  = "Heavy Flavor Averaging Group",
  year           = "2012",
  eprint         = "1207.1158",
  archivePrefix  = "arXiv",
  primaryClass   = "hep-ex",
  reportNumber   = "SLAC-R-1002, FERMILAB-PUB-12-871-PPD",
  SLACcitation   = "%%CITATION = ARXIV:1207.1158;%%",
}

@article{Cline:2006ts,
  author         = "Cline, James M.",
  title          = "{Baryogenesis}",
  year           = "2006",
  eprint         = "hep-ph/0609145",
  archivePrefix  = "arXiv",
  primaryClass   = "hep-ph",
  SLACcitation   = "%%CITATION = HEP-PH/0609145;%%",
}

@article{Huet:1994jb,
  author         = "Huet, Patrick and Sather, Eric",
  title          = "{Electroweak baryogenesis and standard model CP violation}",
  journal        = "Phys.Rev.",
  volume         = "D51",
  pages          = "379-394",
  doi            = "10.1103/PhysRevD.51.379",
  year           = "1995",
  eprint         = "hep-ph/9404302",
  archivePrefix  = "arXiv",
  primaryClass   = "hep-ph",
  reportNumber   = "SLAC-PUB-6479",
  SLACcitation   = "%%CITATION = HEP-PH/9404302;%%",
}

@article{Aoyama:2012wj,
  author         = "Aoyama, Tatsumi and Hayakawa, Masashi and Kinoshita,
  Toichiro and Nio, Makiko",
  title          = "{Tenth-Order QED Contribution to the Electron g-2 and an Improved Value of the Fine Structure Constant}",
  journal        = "Phys.Rev.Lett.",
  volume         = "109",
  pages          = "111807",
  doi            = "10.1103/PhysRevLett.109.111807",
  year           = "2012",
  eprint         = "1205.5368",
  archivePrefix  = "arXiv",
  primaryClass   = "hep-ph",
  reportNumber   = "RIKEN-QHP-25",
  SLACcitation   = "%%CITATION = ARXIV:1205.5368;%%",
}

@article{1991SvPhU..34..392S,
  author = {{Sakharov}, A.~D.},
  title = "{SPECIAL ISSUE:  Violation of CP in variance, C asymmetry, and baryon asymmetry of the universe}",
  journal = {Soviet Physics Uspekhi},
  year = 1991,
  month = may,
  volume = 34,
  pages = {392-393},
  doi = {10.1070/PU1991v034n05ABEH002497},
  adsurl = {http://adsabs.harvard.edu/abs/1991SvPhU..34..392S},
  adsnote = {Provided by the SAO/NASA Astrophysics Data System}
}


@INPROCEEDINGS{Krogh95neuralnetwork,
  author = {Anders Krogh and Jesper Vedelsby},
  title = {Neural Network Ensembles, Cross Validation, and Active Learning},
  booktitle = {Advances in Neural Information Processing Systems},
  year = {1995},
  pages = {231--238},
  publisher = {MIT Press}
}

@article{Bagging,
  year={1996},
  issn={0885-6125},
  journal={Machine Learning},
  volume={24},
  number={2},
  doi={10.1023/A:1018054314350},
  title={Bagging Predictors},
  url={http://dx.doi.org/10.1023/A%3A1018054314350},
  publisher={Kluwer Academic Publishers-Plenum Publishers},
  keywords={Aggregation; Bootstrap; Averaging; Combining},
  author={Breiman, Leo},
  pages={123-140},
  language={English}
}


@article{Stevens:2013dya,
  author         = "Stevens, Justin and Williams, Mike",
  title          = "{uBoost: A boosting method for producing uniform
    selection efficiencies from multivariate classifiers}",
journal        = "JINST",
volume         = "8",
pages          = "P12013",
doi            = "10.1088/1748-0221/8/12/P12013",
year           = "2013",
eprint         = "1305.7248",
archivePrefix  = "arXiv",
primaryClass   = "nucl-ex",
SLACcitation   = "%%CITATION = ARXIV:1305.7248;%%",
}


@article{Chatrchyan:2012ufa,
  author         = "Chatrchyan, Serguei and others",
  title          = "{Observation of a new boson at a mass of 125 GeV with the
    CMS experiment at the LHC}",
  collaboration  = "CMS Collaboration",
  journal        = "Phys.Lett.",
  volume         = "B716",
  pages          = "30-61",
  doi            = "10.1016/j.physletb.2012.08.021",
  year           = "2012",
  eprint         = "1207.7235",
  archivePrefix  = "arXiv",
  primaryClass   = "hep-ex",
  reportNumber   = "CMS-HIG-12-028, CERN-PH-EP-2012-220",
  SLACcitation   = "%%CITATION = ARXIV:1207.7235;%%",
}


@article{Aad:2012tfa,
  author         = "Aad, Georges and others",
  title          = "{Observation of a new particle in the search for the
    Standard Model Higgs boson with the ATLAS detector at the
    LHC}",
  collaboration  = "ATLAS Collaboration",
  journal        = "Phys.Lett.",
  volume         = "B716",
  pages          = "1-29",
  doi            = "10.1016/j.physletb.2012.08.020",
  year           = "2012",
  eprint         = "1207.7214",
  archivePrefix  = "arXiv",
  primaryClass   = "hep-ex",
  reportNumber   = "CERN-PH-EP-2012-218",
  SLACcitation   = "%%CITATION = ARXIV:1207.7214;%%",
}


@article{Aad:2008zzm,
  author         = "Aad, G. and others",
  title          = "{The ATLAS Experiment at the CERN Large Hadron Collider}",
  collaboration  = "ATLAS Collaboration",
  journal        = "JINST",
  volume         = "3",
  pages          = "S08003",
  doi            = "10.1088/1748-0221/3/08/S08003",
  year           = "2008",
  SLACcitation   = "%%CITATION = JINST,3,S08003;%%",
}


@article{Chatrchyan:2008aa,
  author         = "Chatrchyan, S. and others",
  title          = "{The CMS experiment at the CERN LHC}",
  collaboration  = "CMS Collaboration",
  journal        = "JINST",
  volume         = "3",
  pages          = "S08004",
  doi            = "10.1088/1748-0221/3/08/S08004",
  year           = "2008",
  SLACcitation   = "%%CITATION = JINST,3,S08004;%%",
}


@article{Isidori:2010kg,
  author         = "Isidori, Gino and Nir, Yosef and Perez, Gilad",
  title          = "{Flavor Physics Constraints for Physics Beyond the Standard Model}",
  journal        = "Ann.Rev.Nucl.Part.Sci.",
  volume         = "60",
  pages          = "355",
  doi            = "10.1146/annurev.nucl.012809.104534",
  year           = "2010",
  eprint         = "1002.0900",
  archivePrefix  = "arXiv",
  primaryClass   = "hep-ph",
  SLACcitation   = "%%CITATION = ARXIV:1002.0900;%%",
}


% Vub is not discrepant
@article{Crivellin:2014zpa,
  author         = "Crivellin, Andreas and Pokorski, Stefan",
  title          = "{Can the differences in the determinations of $V_{ub}$ and $V_{cb}$ be explained by New Physics?}",
  journal        = "Phys.Rev.Lett.",
  number         = "1",
  volume         = "114",
  pages          = "011802",
  doi            = "10.1103/PhysRevLett.114.011802",
  year           = "2015",
  eprint         = "1407.1320",
  archivePrefix  = "arXiv",
  primaryClass   = "hep-ph",
  reportNumber   = "CERN-PH-TH-2014-124",
  SLACcitation   = "%%CITATION = ARXIV:1407.1320;%%",
}


@ARTICLE{1970ApJ...159..379R,
  author = {{Rubin}, V.~C. and {Ford}, Jr., W.~K.},
  title = "{Rotation of the Andromeda Nebula from a Spectroscopic Survey of Emission Regions}",
  journal = "Astrophys.J.",
  year = 1970,
  month = feb,
  volume = 159,
  pages = {379},
  doi = {10.1086/150317},
  adsurl = {http://adsabs.harvard.edu/abs/1970ApJ...159..379R},
  adsnote = {Provided by the SAO/NASA Astrophysics Data System}
}

@ARTICLE{1980ApJ...238..471R,
  author = {{Rubin}, V.~C. and {Ford}, W.~K.~J. and {.~Thonnard}, N.},
  title = "{Rotational properties of 21 SC galaxies with a large range of luminosities and radii, from NGC 4605 /R = 4kpc/ to UGC 2885 /R = 122 kpc/}",
  journal = {Astrophys.J.},
  keywords = {Astronomical Spectroscopy, Galactic Evolution, Galactic Rotation, Galaxies, Stellar Luminosity, Dynamic Characteristics, Galactic Nuclei, Morphology, Radial Velocity, Radii},
  year = 1980,
  month = jun,
  volume = 238,
  pages = {471-487},
  doi = {10.1086/158003},
  adsurl = {http://adsabs.harvard.edu/abs/1980ApJ...238..471R},
  adsnote = {Provided by the SAO/NASA Astrophysics Data System}
}

@article{Markevitch:2003at,
  author         = "Markevitch, Maxim and Gonzalez, A.H. and Clowe, D. and Vikhlinin, A. and David, L. and others",
  title          = "{Direct constraints on the dark matter self-interaction cross-section from the merging galaxy cluster 1E0657-56}",
  journal        = "Astrophys.J.",
  volume         = "606",
  pages          = "819-824",
  doi            = "10.1086/383178",
  year           = "2004",
  eprint         = "astro-ph/0309303",
  archivePrefix  = "arXiv",
  primaryClass   = "astro-ph",
  SLACcitation   = "%%CITATION = ASTRO-PH/0309303;%%",
}


@article{PhysRevLett.81.1562,
  title = {Evidence for Oscillation of Atmospheric Neutrinos},
  author = {Fukuda, Y. and Hayakawa, T. and Ichihara, E. and Inoue, K. and Ishihara, K. and Ishino, H. and Itow, Y. and Kajita, T. and Kameda, J. and Kasuga, S. and Kobayashi, K. and Kobayashi, Y. and Koshio, Y. and Miura, M. and Nakahata, M. and Nakayama, S. and Okada, A. and Okumura, K. and Sakurai, N. and Shiozawa, M. and Suzuki, Y. and Takeuchi, Y. and Totsuka, Y. and Yamada, S. and Earl, M. and Habig, A. and Kearns, E. and Messier, M. D. and Scholberg, K. and Stone, J. L. and Sulak, L. R. and Walter, C. W. and Goldhaber, M. and Barszczxak, T. and Casper, D. and Gajewski, W. and Halverson, P. G. and Hsu, J. and Kropp, W. R. and Price, L. R. and Reines, F. and Smy, M. and Sobel, H. W. and Vagins, M. R. and Ganezer, K. S. and Keig, W. E. and Ellsworth, R. W. and Tasaka, S. and Flanagan, J. W. and Kibayashi, A. and Learned, J. G. and Matsuno, S. and Stenger, V. J. and Takemori, D. and Ishii, T. and Kanzaki, J. and Kobayashi, T. and Mine, S. and Nakamura, K. and Nishikawa, K. and Oyama, Y. and Sakai, A. and Sakuda, M. and Sasaki, O. and Echigo, S. and Kohama, M. and Suzuki, A. T. and Haines, T. J. and Blaufuss, E. and Kim, B. K. and Sanford, R. and Svoboda, R. and Chen, M. L. and Conner, Z. and Goodman, J. A. and Sullivan, G. W. and Hill, J. and Jung, C. K. and Martens, K. and Mauger, C. and McGrew, C. and Sharkey, E. and Viren, B. and Yanagisawa, C. and Doki, W. and Miyano, K. and Okazawa, H. and Saji, C. and Takahata, M. and Nagashima, Y. and Takita, M. and Yamaguchi, T. and Yoshida, M. and Kim, S. B. and Etoh, M. and Fujita, K. and Hasegawa, A. and Hasegawa, T. and Hatakeyama, S. and Iwamoto, T. and Koga, M. and Maruyama, T. and Ogawa, H. and Shirai, J. and Suzuki, A. and Tsushima, F. and Koshiba, M. and Nemoto, M. and Nishijima, K. and Futagami, T. and Hayato, Y. and Kanaya, Y. and Kaneyuki, K. and Watanabe, Y. and Kielczewska, D. and Doyle, R. A. and George, J. S. and Stachyra, A. L. and Wai, L. L. and Wilkes, R. J. and Young, K. K.},
  journal = {Phys. Rev. Lett.},
  volume = {81},
  issue = {8},
  pages = {1562--1567},
  numpages = {0},
  year = {1998},
  month = {Aug},
  publisher = {American Physical Society},
  doi = {10.1103/PhysRevLett.81.1562},
  url = {http://link.aps.org/doi/10.1103/PhysRevLett.81.1562}
}


@article{Lees:2012ju,
  author         = "Lees, J.P. and others",
  title          = "{Evidence of $B^+ \to \tau^+\nu$ decays with hadronic B tags}",
collaboration  = "BaBar Collaboration",
journal        = "Phys.Rev.",
number         = "3",
volume         = "D88",
pages          = "031102",
doi            = "10.1103/PhysRevD.88.031102",
year           = "2013",
eprint         = "1207.0698",
archivePrefix  = "arXiv",
primaryClass   = "hep-ex",
reportNumber   = "BABAR-PUB-12-20, SLAC-PUB-15134",
SLACcitation   = "%%CITATION = ARXIV:1207.0698;%%",
}


% B->DsPhi theory Zou et al
@article{Zou:2009zza,
      author         = "Zou, Hao and Li, RunHui and Wang, XiaoXia and Lu,
                        CaiDian",
      title          = "{The CKM suppressed $B(B_s) \rightarrow \Dbar_{(s)}P, \Dbar_{(s)}V,
                                        \Dbar_{(s)}^{*}P, \Dbar_{(s)}^{*}V$ decays in
                        perturbative QCD approach}",
      journal        = "J.Phys.",
      volume         = "G37",
      pages          = "015002",
      doi            = "10.1088/0954-3899/37/1/015002",
      year           = "2010",
      eprint         = "0908.1856",
      archivePrefix  = "arXiv",
      primaryClass   = "hep-ph",
      SLACcitation   = "%%CITATION = ARXIV:0908.1856;%%",
}

% BaBar B->Dsphi measurement
@article{Aubert:2005gd,
      author         = "Aubert, Bernard and others",
      title          = "{Search for $B^{-} \rightarrow D_s^{(*)-} \phi$}",
      collaboration  = "BABAR collaboration",
      year           = "2005",
      eprint         = "hep-ex/0506073",
      archivePrefix  = "arXiv",
      primaryClass   = "hep-ex",
      reportNumber   = "BABAR-CONF-05-012, SLAC-PUB-11303",
      SLACcitation   = "%%CITATION = HEP-EX/0506073;%%",
      journal        = "Phys. Rev.",
      volume         = "D73",
      pages          = "011103" ,
      year           =  "2006",
      doi            = "10.1103/PhysRevD.73.011103"
}


@article{Mohanta:2002wf,
      author         = "Mohanta, Rukmani",
      title          = "{Searching for new physics in the rare decay $B^{+} \to
                        D_s^{*+} \phi$}",
      journal        = "Phys.Lett.",
      volume         = "B540",
      pages          = "241-246",
      doi            = "10.1016/S0370-2693(02)02173-1",
      year           = "2002",
      eprint         = "hep-ph/0205297",
      archivePrefix  = "arXiv",
      primaryClass   = "hep-ph",
      SLACcitation   = "%%CITATION = HEP-PH/0205297;%%",
}

% Another theory paper
@article{PhysRevD.76.057701,
  title = "{Possible signatures of unparticles in rare annihilation type $B$ decays}",
  author = "{R.~Mohanta and A.~K.~Giri}",
  journal = {Phys. Rev.},
  volume = {D76},
  issue = {5},
  pages = {057701},
  numpages = {4},
  year = {2007},
  month = {Sep},
  doi = {10.1103/PhysRevD.76.057701},
  url = {http://link.aps.org/doi/10.1103/PhysRevD.76.057701},
  publisher = {American Physical Society},
  eprint = "0707.3308",
  archivePrefix = "arXiv",
}


% B to Ds phi theory
@article{Lu:2001yz,
      author         = "Lu, Cai-Dian",
      title          = "{Calculation of pure annihilation type decay $B^+ \to D^+_{(s)} \phi$}",
      journal        = "Eur.Phys.J.",
      volume         = "C24",
      pages          = "121-126",
      doi            = "10.1007/s100520200929",
      year           = "2002",
      eprint         = "hep-ph/0112127",
      archivePrefix  = "arXiv",
      primaryClass   = "hep-ph",
      SLACcitation   = "%%CITATION = HEP-PH/0112127;%%",
}

@article{Buchalla:1995vs,
  author         = "Buchalla, Gerhard and Buras, Andrzej J. and Lautenbacher,
  Markus E.",
  title          = "{Weak decays beyond leading logarithms}",
  journal        = "Rev.Mod.Phys.",
  volume         = "68",
  pages          = "1125-1144",
  doi            = "10.1103/RevModPhys.68.1125",
  year           = "1996",
  eprint         = "hep-ph/9512380",
  archivePrefix  = "arXiv",
  primaryClass   = "hep-ph",
  reportNumber   = "SLAC-PUB-7009, SLAC-PUB-95-7009, MPI-PH-95-104,
  TUM-T31-100-95, FERMILAB-PUB-95-305-T",
  SLACcitation   = "%%CITATION = HEP-PH/9512380;%%",
}

@article{Ade:2013sjv,
      author         = "Ade, P.A.R. and others",
      title          = "{Planck 2013 results. I. Overview of products and
                        scientific results}",
      collaboration  = "Planck",
      journal        = "Astron.Astrophys.",
      volume         = "571",
      pages          = "A1",
      doi            = "10.1051/0004-6361/201321529",
      year           = "2014",
      eprint         = "1303.5062",
      archivePrefix  = "arXiv",
      primaryClass   = "astro-ph.CO",
      SLACcitation   = "%%CITATION = ARXIV:1303.5062;%%",
}


@article{Park:2005eka,
      author         = "Park, HyangKyu and others",
      title          = "{Evidence for the decay $\Sigma^+\rightarrow p \mu^+ \mu^-$}",
      collaboration  = "HyperCP Collaboration",
      journal        = "Phys.Rev.Lett.",
      volume         = "94",
      pages          = "021801",
      doi            = "10.1103/PhysRevLett.94.021801",
      year           = "2005",
      eprint         = "hep-ex/0501014",
      archivePrefix  = "arXiv",
      primaryClass   = "hep-ex",
      reportNumber   = "FERMILAB-PUB-05-006-E",
      SLACcitation   = "%%CITATION = HEP-EX/0501014;%%",
}

@article{Burnstein:2004uk,
      author         = "Burnstein, R.A. and others",
      title          = "{HyperCP: A High-rate spectrometer for the study of
                        charged hyperon and kaon decays}",
      collaboration  = "HyperCP Collaboration",
      journal        = "Nucl.Instrum.Meth.",
      volume         = "A541",
      pages          = "516-565",
      doi            = "10.1016/j.nima.2004.12.031",
      year           = "2005",
      eprint         = "hep-ex/0405034",
      archivePrefix  = "arXiv",
      primaryClass   = "hep-ex",
      reportNumber   = "FERMILAB-PUB-04-157-E",
      SLACcitation   = "%%CITATION = HEP-EX/0405034;%%",
}

@article{Mannel:2004ce,
  author         = "Mannel, T.",
  title          = "{Effective Field Theories in Flavor Physics}",
  journal        = "Springer Tracts Mod.Phys.",
  volume         = "203",
  pages          = "1-175",
  doi            = "10.1007/b62268",
  year           = "2004",
  SLACcitation   = "%%CITATION = STPHB,203,1;%%",
}


@article{Pich:1998xt,
  author         = "Pich, Antonio",
  title          = "{Effective field theory: Course}",
  pages          = "949-1049",
  year           = "1998",
  eprint         = "hep-ph/9806303",
  archivePrefix  = "arXiv",
  primaryClass   = "hep-ph",
  reportNumber   = "FTUV-98-46, IFIC-98-47",
  SLACcitation   = "%%CITATION = HEP-PH/9806303;%%",
}

@article{Adam:2015rua,
  author         = "Adam, R. and others",
  title          = "{Planck 2015 results. I. Overview of products and scientific results}",
  collaboration  = "Planck",
  year           = "2015",
  eprint         = "1502.01582",
  archivePrefix  = "arXiv",
  primaryClass   = "astro-ph.CO",
  SLACcitation   = "%%CITATION = ARXIV:1502.01582;%%",
}


@article{Cranmer:2000du,
  author         = "Cranmer, Kyle S.",
  title          = "{Kernel estimation in high-energy physics}",
  journal        = "Comput.Phys.Commun.",
  volume         = "136",
  pages          = "198-207",
  doi            = "10.1016/S0010-4655(00)00243-5",
  year           = "2001",
  eprint         = "hep-ex/0011057",
  archivePrefix  = "arXiv",
  primaryClass   = "hep-ex",
  SLACcitation   = "%%CITATION = HEP-EX/0011057;%%",
}


@article{wilks1938,
  author = "Wilks, S. S.",
  doi = "10.1214/aoms/1177732360",
  fjournal = "The Annals of Mathematical Statistics",
  journal = "Ann. Math. Statist.",
  month = "03",
  number = "1",
  pages = "60--62",
  publisher = "The Institute of Mathematical Statistics",
  title = "The Large-Sample Distribution of the Likelihood Ratio for Testing Composite Hypotheses",
  url = "http://dx.doi.org/10.1214/aoms/1177732360",
  volume = "9",
  year = "1938"
}


@article{PhysRevD.57.3873,
  title = {Unified approach to the classical statistical analysis of small signals},
  author = {Feldman, Gary J. and Cousins, Robert D.},
  journal = {Phys. Rev. D},
  volume = {57},
  issue = {7},
  pages = {3873--3889},
  numpages = {0},
  year = {1998},
  month = {Apr},
  publisher = {American Physical Society},
  doi = {10.1103/PhysRevD.57.3873},
  url = {http://link.aps.org/doi/10.1103/PhysRevD.57.3873}
}


@article{PhysRev.179.1499,
  title = {Non-Lagrangian Models of Current Algebra},
  author = {Wilson, Kenneth G.},
  journal = {Phys. Rev.},
  volume = {179},
  issue = {5},
  pages = {1499--1512},
  numpages = {0},
  year = {1969},
  month = {Mar},
  publisher = {American Physical Society},
  doi = {10.1103/PhysRev.179.1499},
  url = {http://link.aps.org/doi/10.1103/PhysRev.179.1499}
}

@article{Hocker:2007ht,
  author         = "Hocker, Andreas and Stelzer, J. and Tegenfeldt, F. and
    Voss, H. and Voss, K. and others",
  title          = "{TMVA - Toolkit for Multivariate Data Analysis}",
  journal        = "PoS",
  volume         = "ACAT",
  pages          = "040",
  year           = "2007",
  eprint         = "physics/0703039",
  archivePrefix  = "arXiv",
  primaryClass   = "PHYSICS",
  reportNumber   = "CERN-OPEN-2007-007",
  SLACcitation   = "%%CITATION = PHYSICS/0703039;%%",
}

@Article{Narsky:2005xpa,
  author        = "I. Narsky",
  title         = "StatPatternRecognition: A C++ Package for Statistical Analysis of High Energy Physics Data",
  year          = "2005",
  eprint        = "physics/0507143",
  archivePrefix = "arXiv",
}

@article{Charles:2015gya,
  author         = "Charles, J. and Deschamps, O. and Descotes-Genon, S. and Lacker, H. and Menzel, A. and others",
  title          = "{Current status of the Standard Model CKM fit and constraints on $\Delta F=2$ New Physics}",
  journal        = "Phys.Rev.",
  number         = "7",
  volume         = "D91",
  pages          = "073007",
  doi            = "10.1103/PhysRevD.91.073007",
  year           = "2015",
  eprint         = "1501.05013",
  archivePrefix  = "arXiv",
  primaryClass   = "hep-ph",
  reportNumber   = "LPT-ORSAY-15-04",
  SLACcitation   = "%%CITATION = ARXIV:1501.05013;%%",
}


@article{Amhis:2014hma,
  author         = "Amhis, Y. and others",
  title          = "{Averages of $b$-hadron, $c$-hadron, and $\tau$-lepton properties as of summer 2014}",
  collaboration  = "Heavy Flavor Averaging Group (HFAG)",
  year           = "2014",
  eprint         = "1412.7515",
  archivePrefix  = "arXiv",
  primaryClass   = "hep-ex",
  reportNumber   = "FERMILAB-PUB-15-004-PPD",
  SLACcitation   = "%%CITATION = ARXIV:1412.7515;%%",
}


@article{Abdesselam:2014hkd,
  author         = "Abdesselam, A. and others",
  title          = "{Measurement of the branching fraction of $B^+ \to \tau^+ \nu_\tau$ decays with the semileptonic tagging method and the full Belle data sample}",
  collaboration  = "Belle",
  year           = "2014",
  eprint         = "1409.5269",
  archivePrefix  = "arXiv",
  primaryClass   = "hep-ex",
  reportNumber   = "BELLE-CONF-1401",
  SLACcitation   = "%%CITATION = ARXIV:1409.5269;%%",
}

@article{Aaij:2015bfa,
  author         = "Aaij, Roel and others",
  title          = "{Determination of the quark coupling strength $|V_{ub}|$ using baryonic decays}",
  collaboration  = "LHCb",
  year           = "2015",
  eprint         = "1504.01568",
  archivePrefix  = "arXiv",
  primaryClass   = "hep-ex",
  reportNumber   = "CERN-PH-EP-2015-084, LHCB-PAPER-2015-013",
  SLACcitation   = "%%CITATION = ARXIV:1504.01568;%%",
}

@article{Beneke:2000ry,
  author         = "Beneke, M. and Buchalla, G. and Neubert, M. and Sachrajda, Christopher T.",
  title          = "{QCD factorization for exclusive, nonleptonic B meson decays: General arguments and the case of heavy light final states}",
  journal        = "Nucl.Phys.",
  volume         = "B591",
  pages          = "313-418",
  doi            = "10.1016/S0550-3213(00)00559-9",
  year           = "2000",
  eprint         = "hep-ph/0006124",
  archivePrefix  = "arXiv",
  primaryClass   = "hep-ph",
  reportNumber   = "CERN-TH-2000-159, CLNS-00-1675, PITHA-00-06, SHEP-00-06",
  SLACcitation   = "%%CITATION = HEP-PH/0006124;%%",
}

@article{Altmannshofer:2014rta,
  author         = "Altmannshofer, Wolfgang and Straub, David M.",
  title          = "{New physics in $b\to s$ transitions after LHC run 1}",
  year           = "2014",
  eprint         = "1411.3161",
  archivePrefix  = "arXiv",
  primaryClass   = "hep-ph",
  SLACcitation   = "%%CITATION = ARXIV:1411.3161;%%",
}


@article{Fanti:1999nm,
  author         = "Fanti, V. and others",
  title          = "{A New measurement of direct CP violation in two pion decays of the neutral kaon}",
  collaboration  = "NA48",
  journal        = "Phys.Lett.",
  volume         = "B465",
  pages          = "335-348",
  doi            = "10.1016/S0370-2693(99)01030-8",
  year           = "1999",
  eprint         = "hep-ex/9909022",
  archivePrefix  = "arXiv",
  primaryClass   = "hep-ex",
  reportNumber   = "CERN-EP-99-114",
  SLACcitation   = "%%CITATION = HEP-EX/9909022;%%",
}

@article{Christenson:1964fg,
  author         = "Christenson, J.H. and Cronin, J.W. and Fitch, V.L. and Turlay, R.",
  title          = "{Evidence for the 2 pi Decay of the k(2)0 Meson}",
  journal        = "Phys.Rev.Lett.",
  volume         = "13",
  pages          = "138-140",
  doi            = "10.1103/PhysRevLett.13.138",
  year           = "1964",
  SLACcitation   = "%%CITATION = PRLTA,13,138;%%",
}

@article{Noether,
  author = {Noether, E.},
  eprint = {www.physics.ucla.edu/\~\ cwp/articles/noether.trans/german/emmy235.html},
  journal = {Nachr. d. K{\"o}nig. Gesellsch. d. Wiss. zu G{\"o}ttingen, Math-phys. Klasse, {Seite 235-157}},
  title = {Invariante {V}ariationsprobleme},
  url = {http://www.physics.ucla.edu/~cwp/articles/noether.trans/german/emmy235.html},
  year = 1918
}


@techreport{needham2008identification,
  title={Identification of ghost tracks using a likelihood method},
  author={Needham, M},
  year={2008}
}

@article{RotheLattice,
  author = "{H.J. Rothe}",
  title = "{Lattice Gauge Theories: An Introduction; 4th ed.}",
  year = 2012,
  journal = "{World Scientific Lecture Notes in Physics, World Scientific, Singapore}",
}

@article{Bouchard:2013pna,
  author         = "Bouchard, Chris and Lepage, G. Peter and Monahan, Christopher and Na, Heechang and Shigemitsu, Junko",
  title          = "{Rare decay $B \to K \ell^+ \ell^-$ form factors from lattice QCD}",
  collaboration  = "HPQCD",
  journal        = "Phys. Rev.",
  volume         = "D88",
  year           = "2013",
  number         = "5",
  pages          = "054509",
  doi            = "10.1103/PhysRevD.88.079901, 10.1103/PhysRevD.88.054509",
  eprint         = "1306.2384",
  archivePrefix  = "arXiv",
  primaryClass   = "hep-lat",
  SLACcitation   = "%%CITATION = ARXIV:1306.2384;%%"
}
#note           = "[Erratum: Phys. Rev.D88,no.7,079901(2013)]",

@article{1990ApJ...349L...1T,
  author = {{Tyson}, J.~A. and {Wenk}, R.~A. and {Valdes}, F.},
  title = "{Detection of systematic gravitational lens galaxy image alignments --- Mapping dark matter in galaxy clusters}",
  journal = {ApJL},
  year = 1990,
  month = jan,
  volume = 349,
  pages = {L1-L4},
  doi = {10.1086/185636},
  adsurl = {http://adsabs.harvard.edu/abs/1990ApJ...349L...1T},
  adsnote = {Provided by the SAO/NASA Astrophysics Data System}
}

@article{Lees:2013uzd,
  author         = "Lees, J. P. and others",
  title          = "{Measurement of an Excess of $\bar{B} \to D^{(*)}\tau^- \bar{\nu}_\tau$ Decays and Implications for Charged Higgs Bosons}",
  collaboration  = "BaBar",
  journal        = "Phys. Rev.",
  volume         = "D88",
  year           = "2013",
  number         = "7",
  pages          = "072012",
  doi            = "10.1103/PhysRevD.88.072012",
  eprint         = "1303.0571",
  archivePrefix  = "arXiv",
  primaryClass   = "hep-ex",
  reportNumber   = "BABAR-PUB-13-001, SLAC-PUB-15381",
  SLACcitation   = "%%CITATION = ARXIV:1303.0571;%%"
}

@article{Lees:2012xj,
      author         = "Lees, J. P. and others",
      title          = "{Evidence for an excess of $\bar{B} \to D^{(*)} \tau^-\bar{\nu}_\tau$ decays}",
      collaboration  = "BaBar",
      journal        = "Phys. Rev. Lett.",
      volume         = "109",
      year           = "2012",
      pages          = "101802",
      doi            = "10.1103/PhysRevLett.109.101802",
      eprint         = "1205.5442",
      archivePrefix  = "arXiv",
      primaryClass   = "hep-ex",
      reportNumber   = "BABAR-PUB-12-012, SLAC-PUB-15028",
      SLACcitation   = "%%CITATION = ARXIV:1205.5442;%%"
}

@article{Bozek:2010xy,
      author         = "Bozek, A. and others",
      title          = "{Observation of $B^+ \to \bar{D}^{*0}\tau^+ \nu_\tau$ and Evidence for $B^+ \to \bar{D}^0 \tau^+ \nu_\tau$ at Belle}",
      collaboration  = "Belle",
      journal        = "Phys. Rev.",
      volume         = "D82",
      year           = "2010",
      pages          = "072005",
      doi            = "10.1103/PhysRevD.82.072005",
      eprint         = "1005.2302",
      archivePrefix  = "arXiv",
      primaryClass   = "hep-ex",
      reportNumber   = "BELLE-PREPRINT-2010-8-KEK-PREPRINT-2010-7",
      SLACcitation   = "%%CITATION = ARXIV:1005.2302;%%"
}

@article{Glashow:1961tr,
      author         = "Glashow, S. L.",
      title          = "{Partial Symmetries of Weak Interactions}",
      journal        = "Nucl. Phys.",
      volume         = "22",
      year           = "1961",
      pages          = "579-588",
      doi            = "10.1016/0029-5582(61)90469-2",
      SLACcitation   = "%%CITATION = NUPHA,22,579;%%"
}

@article{Weinberg:1967tq,
      author         = "Weinberg, Steven",
      title          = "{A Model of Leptons}",
      journal        = "Phys. Rev. Lett.",
      volume         = "19",
      year           = "1967",
      pages          = "1264-1266",
      doi            = "10.1103/PhysRevLett.19.1264",
      SLACcitation   = "%%CITATION = PRLTA,19,1264;%%"
}

@article{Salam:1968rm,
      author         = "Salam, Abdus",
      title          = "{Weak and Electromagnetic Interactions}",
      booktitle      = "{8th Nobel Symposium Lerum, Sweden, May 19-25, 1968}",
      journal        = "Conf. Proc.",
      volume         = "C680519",
      year           = "1968",
      pages          = "367-377",
      SLACcitation   = "%%CITATION = CONFP,C680519,367;%%"
}

@article{Higgs:1964ia,
      author         = "Higgs, Peter W.",
      title          = "{Broken symmetries, massless particles and gauge fields}",
      journal        = "Phys. Lett.",
      volume         = "12",
      year           = "1964",
      pages          = "132-133",
      doi            = "10.1016/0031-9163(64)91136-9",
      SLACcitation   = "%%CITATION = PHLTA,12,132;%%"
}

@article{Higgs:1966ev,
      author         = "Higgs, Peter W.",
      title          = "{Spontaneous Symmetry Breakdown without Massless Bosons}",
      journal        = "Phys. Rev.",
      volume         = "145",
      year           = "1966",
      pages          = "1156-1163",
      doi            = "10.1103/PhysRev.145.1156",
      SLACcitation   = "%%CITATION = PHRVA,145,1156;%%"
}

@article{Guralnik:1964eu,
      author         = "Guralnik, G. S. and Hagen, C. R. and Kibble, T. W. B.",
      title          = "{Global Conservation Laws and Massless Particles}",
      journal        = "Phys. Rev. Lett.",
      volume         = "13",
      year           = "1964",
      pages          = "585-587",
      doi            = "10.1103/PhysRevLett.13.585",
      SLACcitation   = "%%CITATION = PRLTA,13,585;%%"
}

@article{Kibble:1967sv,
      author         = "Kibble, T. W. B.",
      title          = "{Symmetry breaking in nonAbelian gauge theories}",
      journal        = "Phys. Rev.",
      volume         = "155",
      year           = "1967",
      pages          = "1554-1561",
      doi            = "10.1103/PhysRev.155.1554",
      SLACcitation   = "%%CITATION = PHRVA,155,1554;%%"
}


@book{ellis2003qcd,
  title={QCD and Collider Physics},
  author={Ellis, R.K. and Stirling, W.J. and Webber, B.R.},
  isbn={9780521545891},
  lccn={96031560},
  series={Cambridge Monographs on Particle Physics, Nuclear Physics and Cosmology},
  url={https://books.google.co.uk/books?id=TqrPVoS6s0UC},
  year={2003},
  publisher={Cambridge University Press}
}

@book{halzen1984quarks,
  title={Quarks and leptons: an introductory course in modern particle physics},
  author={Halzen, F. and Martin, A.D.},
  lccn={83014649},
  url={https://books.google.co.uk/books?id=zwDvAAAAMAAJ},
  year={1984},
  publisher={Wiley}
}

@book{mannel2004effective,
  title={Effective Field Theories in Flavour Physics},
  author={Mannel, T.},
  isbn={9783540219316},
  lccn={2004106871},
  series={Springer Tracts in Modern Physics},
  url={https://books.google.co.uk/books?id=jw-sl6o7Zp0C},
  year={2004},
  publisher={Springer Berlin Heidelberg}
}



