% TEMP REFERENCE
@article{temp,
      author         = "Sam Hall",
      title          = "{This is {\it NOT} a paper, but a placeholder for me}",
      journal        = "MadeUp",
      volume         = "33",
      pages          = "1988",
      year           = "2014",
}

% Correct Bibtex entries are best obtained by cut-and-paste from
% Spires or Inspire.
% - They might still need some editing of Latex symbols in
%   the titles.
% - Page ranges should in many cases be shortened to just
%   having the start page.
% - Collaborations might need to be added or indeed just the word
%   "collaboration" put after them.

% Below are a set of standard references to use for LHCb.

% The LHCb detector paper
@article{Alves:2008zz,
      author         = "Alves~Jr., A. A. and others",
      title          = "{The \lhcb detector at the LHC}",
      collaboration  = "LHCb collaboration",
      journal        = "JINST",
      volume         = "3",
      pages          = "S08005",
      doi            = "10.1088/1748-0221/3/08/S08005",
      year           = "2008",
}

% The standard trigger reference
@article{Aaij:2012me,
      author         = "Aaij, R. and Albrecht, J. and Alessio, F. and Amato, S.
                        and Aslanides, E. and others",
      title          = "{The \lhcb trigger and its performance}",
      year           = "2012",
      eprint         = "1211.3055",
      archivePrefix  = "arXiv",
      primaryClass   = "hep-ex",
      SLACcitation   = "%%CITATION = ARXIV:1211.3055;%%",
}

% The HLT1 in 2010 data
@lhcbreport{LHCb-PUB-2011-003,
      author       = "Gligorov, Vladimir V",
      title        = "{A single track HLT1 trigger}",
      number       = "LHCb-PUB-2011-003",
}

% Standard reference for RICH performance
@article{arXiv:1211-6759,
      author         = "Adinolfi, M. and others",
      title          = "{Performance of the \lhcb RICH detector at the LHC}",
      year           = "2012",
      eprint         = "1211.6759",
      archivePrefix  = "arXiv",
      primaryClass   = "physics.ins-det",
      SLACcitation   = "%%CITATION = ARXIV:1211.6759;%%",
}



% PID performance
@article{LHCb-PROC-2011-008,
      author         = "Powell, A. and others",
      title          = "{Particle identification at LHCb}",
      journal        = "PoS",
      volume         = "ICHEP2010",
      pages          = "020",
      year           = "2010",
      note           = "\href{https://cdsweb.cern.ch/record/1322666?ln=en}{LHCb-PROC-2011-008}",
      SLACcitation   = "%%CITATION = POSCI,ICHEP2010,020;%%",
}

% The LHCb simulation
@article{LHCb-PROC-2011-006,
  author={Clemencic, M and others},
  title="{The \lhcb simulation application, \gauss: design, evolution and experience}",
  journal="{J. of Phys.: Conf. Ser.}",
  volume={331},
  pages={032023},
  doi={10.1088/1742-6596/331/3/032023},
  year={2011},
}

%splot
@article{bib:splot,
   author = {{Pivk}, M. and {Le Diberder}, F.~R.},
    title = "{Plots: A statistical tool to unfold data distributions}",
  journal = {Nuclear Instruments and Methods in Physics Research A},
   eprint = {arXiv:physics/0402083},
     year = 2005,
    month = dec,
   volume = 555,
    pages = {356-369},
      doi = {10.1016/j.nima.2005.08.106},
   adsurl = {http://adsabs.harvard.edu/abs/2005NIMPA.555..356P},
  adsnote = {Provided by the SAO/NASA Astrophysics Data System}
}

% Pythia tuning
@article{LHCb-PROC-2010-056,
      author         = "Belyaev, I. and others",
      title          = "{Handling of the generation of primary events
in \gauss, the \lhcb simulation framework}",
      journal        = "Nuclear Science Symposium Conference Record
(NSS/MIC)",
      volume         = "IEEE",
      pages          = "1155",
      year           = "2010",
      doi            = "10.1109/NSSMIC.2010.5873949",
}

% The PDG 2012 version
@Article{PDG2012,
     author    = "Beringer, J. and others",
 collaboration = "Particle Data Group",
     title     = "{\href{http://pdg.lbl.gov/}{Review of particle physics}}",
     journal   = "Phys. Rev.",
     volume    = "D86",
     year      = "2012",
     pages     = "010001",
     doi       = "10.1103/PhysRevD.86.010001",
}

% Pythia
@article{Sjostrand:2006za,
      author         = {Sj\"{o}strand, Torbj\"{o}rn and Mrenna, Stephen and
                       Skands, Peter"},
      title          = "{PYTHIA 6.4 physics and manual}",
      journal        = "JHEP",
      volume         = "05",
      pages          = "026",
      doi            = "10.1088/1126-6708/2006/05/026",
      year           = "2006",
      eprint         = "hep-ph/0603175",
      archivePrefix  = "arXiv",
      primaryClass   = "hep-ph",
}

%GEANT4 (the two below should be used together)
@Article{Agostinelli:2002hh,
     author    = "Agostinelli, S. and others",
 collaboration = "GEANT4 collaboration",
     title     = "{GEANT4: A simulation toolkit}",
     journal   = "Nucl. Instrum. Meth.",
     volume    = "A506",
     year      = "2003",
     pages     = "250",
     doi       = "10.1016/S0168-9002(03)01368-8",
     SLACcitation  = "%%CITATION = NUIMA,A506,250;%%"
}

@article{Allison:2006ve,
      author         = "Allison, John and Amako, K. and Apostolakis, J. and
                        Araujo, H. and Dubois, P.A. and others",
 collaboration = "GEANT4 collaboration",
      title          = "{Geant4 developments and applications}",
      journal        = "IEEE Trans.Nucl.Sci.",
      volume         = "53",
      pages          = "270",
      doi            = "10.1109/TNS.2006.869826",
      year           = "2006",
      reportNumber   = "SLAC-PUB-11870",
      SLACcitation   = "%%CITATION = IETNA,53,270;%%",
}


% EVTGEN
@Article{Lange:2001uf,
     author    = "Lange, D. J.",
     title     = "{The EvtGen particle decay simulation package}",
     journal   = "Nucl. Instrum. Meth.",
     volume    = "A462",
     year      = "2001",
     pages     = "152-155",
     doi       = "10.1016/S0168-9002(01)00089-4",
     SLACcitation  = "%%CITATION = NUIMA,A462,152;%%"
}

% PHOTOS
@article{Golonka:2005pn,
      author         = "Golonka, Piotr and Was, Zbigniew",
      title          = "{PHOTOS Monte Carlo: a precision tool for QED
                  corrections in $Z$ and $W$ decays}",
      journal        = "Eur.Phys.J.",
      volume         = "C45",
      pages          = "97-107",
      doi            = "10.1140/epjc/s2005-02396-4",
      year           = "2006",
      eprint         = "hep-ph/0506026",
      archivePrefix  = "arXiv",
      primaryClass   = "hep-ph",
      reportNumber   = "IFJPAN-V-05-01, CERN-PH-TH-2005-091",
      SLACcitation   = "%%CITATION = HEP-PH/0506026;%%",
}

% Crystal Ball function
@PhdThesis{Skwarnicki:1986xj,
  author    = "Skwarnicki, Tomasz",
  title     = "{A study of the radiative cascade transitions between the
                  Upsilon-prime and Upsilon resonances}",
  school = 	 {Institute of Nuclear Physics, Krakow},
  year = 	 {1986},
  note = 	 "{\href{http://inspirehep.net/record/230779/files/230779.pdf}{DESY-F31-86-02}}",
  SLACcitation   = "%%CITATION = DESY-F31-86-02 ETC.;%%"
}

% BDT
@book{Breiman,
  author = 	 {Breiman, L. and Friedman, J. H. and Olshen,
                  R. A. and Stone, C. J.},
  title = 	 {Classification and regression trees},
  publisher = 	 {Wadsworth international group},
  year = 	 {1984},
  address = 	 {Belmont, California, USA},
}

@article{Roe,
   author = {Roe, B.~P. and Yang, H.-J. and Zhu, J. and Liu,
                  Y. and Stancu, I. and McGregor, G.},
    title = "{Boosted decision trees as an alternative to artificial neural networks for particle identification}",
  journal = {Nucl.Instrum.Meth.},
   eprint = {physics/0408124},
archivePrefix  = "arXiv",
 primaryClass   = "physics",
     year = "2005",
   volume = "A543",
    pages = {577-584},
      doi = {10.1016/j.nima.2004.12.018},
}

% BDT training with AdaBoost
@Article{AdaBoost,
  author = 	 {Schapire, Robert E. and Freund, Yoav},
  title = 	 {A decision-theoretic generalization of on-line learning and an application to boosting},
  journal = 	 {Jour. Comp. and Syst. Sc.},
  volume         = "55",
  pages          = "119",
  year = 	 {1997},
  doi            = "10.1006/jcss.1997.1504",
}

%DecayTreeFitter
@article{Hulsbergen:2005pu,
      author         = "Hulsbergen, Wouter D.",
      title          = "{Decay chain fitting with a Kalman filter}",
      journal        = "Nucl.Instrum.Meth.",
      volume         = "A552",
      pages          = "566-575",
      doi            = "10.1016/j.nima.2005.06.078",
      year           = "2005",
      eprint         = "physics/0503191",
      archivePrefix  = "arXiv",
      primaryClass   = "physics",
      SLACcitation   = "%%CITATION = PHYSICS/0503191;%%",
}

@article{Majorana:1937vz,
      author         = "Majorana, Ettore",
      title          = "{Teoria simmetrica dell'elettrone e del positrone}",
      journal        = "Nuovo Cim.",
      volume         = "14",
      pages          = "171-184",
      doi            = "10.1007/BF02961314",
      year           = "1937",
}

@article{Pati:1974yy,
      author         = "Pati, Jogesh C. and Salam, Abdus",
      title          = "{Lepton Number as the Fourth Color}",
      journal        = "Phys. Rev.",
      volume         = "D10",
      pages          = "275-289",
      doi            = "10.1103/PhysRevD.10.275",
      year           = "1974",
      note           = "Erratum-ibid. {\bf D11} (1975) 703",
}

@article{Pascoli:2007qh,
      author         = "Pascoli, S. and Petcov, S.T.",
      title          = "{Majorana neutrinos, neutrino mass spectrum and the
                        $|\langle m \rangle| \sim 10^{-3}$~eV frontier in
                        neutrinoless double beta decay}",
      journal        = "Phys.\ Rev.",
      volume         = "D77",
      pages          = "113003",
      doi            = "10.1103/PhysRevD.77.113003",
      year           = "2008",
      eprint         = "0711.4993",
      archivePrefix  = "arXiv",
      primaryClass   = "hep-ph",
}

@article{Aaij:2011rj,
      author         = "Aaij, R and others",
      title          = "{Search for the rare decays $\Bs \to \mumu$ and
                       $\Bd \to \mumu$}",
      collaboration  = "LHCb collaboration",
      journal        = "Phys. Lett.",
      volume         = "B699",
      pages          = "330-340",
      doi            = "10.1016/j.physletb.2011.04.031",
      year           = "2011",
      eprint         = "1103.2465",
      archivePrefix  = "arXiv",
      primaryClass   = "hep-ex",
}

@article{FerroLuzzi:2005em,
      author         = "Ferro-Luzzi, M.",
      title          = "{Proposal for an absolute luminosity determination in
                        colliding beam experiments using vertex detection of
                        beam-gas interactions}",
      journal        = "Nucl.Instrum.Meth.",
      volume         = "A553",
      pages          = "388-399",
      doi            = "10.1016/j.nima.2005.07.010",
      year           = "2005",
}

@article{Skands:2009zm,
      author         = "Skands, Peter Z.",
      title          = "{The Perugia tunes}",
      year           = "2009",
      eprint         = "0905.3418",
      archivePrefix  = "arXiv",
      primaryClass   = "hep-ph",
}

@Misc{BibTeX,
  author = 	 {Feder, Alexander},
  title = 	 {Your {Bib\TeX} resource},
  howpublished = {\href{http://www.bibtex.org/} {http://www.bibtex.org/}},
}

@Misc{mciteplus,
  author = 	 {Shell, Michael},
  title = 	 {Mciteplus: Enhanced multicitations},
  howpublished = {\href{http://www.michaelshell.org/tex/mciteplus/} {http://www.michaelshell.org/tex/mciteplus/}},
}

@article{Bobeth:2011gi,
      author         = "Bobeth, Christoph and Hiller, Gudrun and van Dyk, Danny",
      title          = "{More benefits of semileptonic rare $B$ decays at low
                        recoil: \CP Violation}",
      journal        = "JHEP",
      volume         = "07",
      pages          = "067",
      doi            = "10.1007/JHEP07(2011)067",
      year           = "2011",
      eprint         = "1105.0376",
      archivePrefix  = "arXiv",
      primaryClass   = "hep-ph",
      reportNumber   = "DO-TH-10-16",
      SLACcitation   = "%%CITATION = ARXIV:1105.0376;%%",
}

@lhcbreport{LHCb-INT-2011-047,
      author       = "Dickens, Jeremy",
      title        = "A measurement of the photon efficiency from the 2010 data",
      number       = "LHCb-INT-2011-047",
}

@lhcbreport{LHCb-ANA-2011-078,
      author       = "Adrover, C and Albrecht, J and Bettler, M-O and Carson, L
                      and Cid Vidal, X and Elsasser, C and Hernando Morata, J A
                      and Lanfranchi, G and Mancinelli, G and Martinez Santos, D
                      and Matveev, M and Palutan, M and Perrin-Terrin, M and
                      Sagidova, N and Sarti, A and Serrano, J and Shcheglov, Y and
                      Steinkamp, O and Archilli, F and Sciascia, B",
      title        = "{Searches for $B_s \to \mu\mu$ and $B_d \to \mu\mu$ in 370
                      pb$^{-1}$ at LHCb}",
      number       = "LHCb-ANA-2011-078",
}

% BELLE paper, kpipi composition, a lot of kpipi plots
@article{Guler:2010if,
      author         = "Guler, H. and others",
      title          = "{Study of the $K^+ \pi^+ \pi^-$ Final State in $B^+ \to
                        J/\psi K^+ \pi^+ \pi^-$ and $B^+ \to \psi' K^+ \pi^+
                        \pi^-$}",
      collaboration  = "Belle Collaboration",
      journal        = "Phys.Rev.",
      volume         = "D83",
      pages          = "032005",
      doi            = "10.1103/PhysRevD.83.032005",
      year           = "2011",
      eprint         = "1009.5256",
      archivePrefix  = "arXiv",
      primaryClass   = "hep-ex",
      reportNumber   = "BELLE-PREPRINT-2010-20, KEK-PREPRINT-2010-32",
      SLACcitation   = "%%CITATION = ARXIV:1009.5256;%%",
}

% K1 form factors
@article{Nardulli:2005fn,
      author         = "Nardulli, G. and Pham, T.N.",
      title          = "{B \to K(1) gamma and tests of factorization for
                        two-body non leptonic B decays with axial-vector mesons}",
      journal        = "Phys.Lett.",
      volume         = "B623",
      pages          = "65-72",
      doi            = "10.1016/j.physletb.2005.07.048",
      year           = "2005",
      eprint         = "hep-ph/0505048",
      archivePrefix  = "arXiv",
      primaryClass   = "hep-ph",
      reportNumber   = "BARI-TH-513-05",
      SLACcitation   = "%%CITATION = HEP-PH/0505048;%%",
}

% K1 gamma BELLE
@article{Yang:2004as,
      author         = "Yang, Heyoung and others",
      title          = "{Observation of $B^+ \to K_1(1270)^+ \gamma$}",
      collaboration  = "Belle Collaboration",
      journal        = "Phys.Rev.Lett.",
      volume         = "94",
      pages          = "111802",
      doi            = "10.1103/PhysRevLett.94.111802",
      year           = "2005",
      eprint         = "hep-ex/0412039",
      archivePrefix  = "arXiv",
      primaryClass   = "hep-ex",
      reportNumber   = "BELLE-2004-37, KEK-2004-75",
      SLACcitation   = "%%CITATION = HEP-EX/0412039;%%",
}

% K1(1270)mumu prediction, theory paper, mixing angle etc.
@article{Hatanaka:2008gu,
    author         = "Hatanaka, Hisaki and Yang, Kwei-Chou",
    title          = "{$K_1(1270)-K_1(1400)$ Mixing Angle and New-Physics Effects in $B \to K_1 \ell^+ \ell^-$ Decays}",
    journal        = "Phys.Rev.",
    volume         = "D78",
    pages          = "074007",
    doi            = "10.1103/PhysRevD.78.074007",
    year           = "2008",
    eprint         = "0808.3731",
    archivePrefix  = "arXiv",
    primaryClass   = "hep-ph",
    SLACcitation   = "%%CITATION = ARXIV:0808.3731;%%",
}

@article{Divotgey:2013jba,
      author         = "Divotgey, Florian and Olbrich, Lisa and Giacosa,
                        Francesco",
      title          = "{Phenomenology of axial-vector and pseudovector mesons:
                        decays and mixing in the kaonic sector}",
      journal        = "Eur.Phys.J.",
      volume         = "A49",
      pages          = "135",
      doi            = "10.1140/epja/i2013-13135-3",
      year           = "2013",
      eprint         = "1306.1193",
      archivePrefix  = "arXiv",
      primaryClass   = "hep-ph",
      SLACcitation   = "%%CITATION = ARXIV:1306.1193;%%",
}

@article{Li:2011nf,
  author         = "Li, Ying and Hua, Juan and Yang, Kwei-Chou",
  title          = "{$B \to K_1 \ell^+\ell^-$ Decays in a Family Non-universal $Z^\prime$ Model}",
  journal        = "Eur.Phys.J.",
  volume         = "C71",
  pages          = "1775",
  doi            = "10.1140/epjc/s10052-011-1775-2",
  year           = "2011",
  eprint         = "1107.0630",
  archivePrefix  = "arXiv",
  primaryClass   = "hep-ph",
  SLACcitation   = "%%CITATION = ARXIV:1107.0630;%%",
}

@article{Drutskoy:2003xh,
      author         = "Drutskoy, A. and others",
      title          = "{Observation of radiative $B\to \phi K \gamma$ decays}",
      collaboration  = "BELLE Collaboration",
      journal        = "Phys.Rev.Lett.",
      volume         = "92",
      pages          = "051801",
      doi            = "10.1103/PhysRevLett.92.051801",
      year           = "2004",
      eprint         = "hep-ex/0309006",
      archivePrefix  = "arXiv",
      primaryClass   = "hep-ex",
      reportNumber   = "BELLE-PREPRINT-2003-11, KEK-PREPRINT-2003-43",
      SLACcitation   = "%%CITATION = HEP-EX/0309006;%%",
}

@article{Aaij:2013iag,
      author         = "Aaij, R. and others",
      title          = "{Differential branching fraction and angular analysis of
                        the decay $B^{0} \to K^{*0} \mu^{+}\mu^{-}$}",
      collaboration  = "LHCb Collaboration",
      journal        = "JHEP",
      volume         = "1308",
      pages          = "131",
      doi            = "10.1007/JHEP08(2013)131",
      year           = "2013",
      eprint         = "1304.6325",
      archivePrefix  = "arXiv",
      primaryClass   = "hep-ex",
      reportNumber   = "CERN-PH-EP-2013-074, LHCB-PAPER-2013-019",
      SLACcitation   = "%%CITATION = ARXIV:1304.6325;%%",
}

@article{Aaij:2013aln,
      author         = "Aaij, R and others",
      title          = "{Differential branching fraction and angular analysis of
                        the decay $B_s^0\to\phi\mu^{+}\mu^{-}$}",
      collaboration  = "LHCb collaboration",
      journal        = "JHEP",
      volume         = "1307",
      pages          = "084",
      doi            = "10.1007/JHEP07(2013)084",
      year           = "2013",
      eprint         = "1305.2168",
      archivePrefix  = "arXiv",
      primaryClass   = "hep-ex",
      reportNumber   = "CERN-PH-EP-2013-078, LHCB-PAPER-2013-017",
      SLACcitation   = "%%CITATION = ARXIV:1305.2168;%%",
}

@article{Tayduganov:2011ui,
  author         = "Tayduganov, A. and Kou, E. and Le Yaouanc, A.",
  title          = "{The strong decays of K1 resonances}",
  journal        = "Phys.Rev.",
  volume         = "D85",
  pages          = "074011",
  doi            = "10.1103/PhysRevD.85.074011",
  year           = "2012",
  eprint         = "1111.6307",
  archivePrefix  = "arXiv",
  primaryClass   = "hep-ph",
  reportNumber   = "LPT-ORSAY-11-100, LAL-11-307",
  SLACcitation   = "%%CITATION = ARXIV:1111.6307;%%",
}

@article{PhysRevD.47.1252,
  title = {Strange axial-vector mesons},
  author = {Suzuki, Mahiko},
  journal = {Phys. Rev. D},
  volume = {47},
  issue = {3},
  pages = {1252--1255},
  numpages = {0},
  year = {1993},
  month = {Feb},
  publisher = {American Physical Society},
  doi = {10.1103/PhysRevD.47.1252},
  url = {http://link.aps.org/doi/10.1103/PhysRevD.47.1252}
}

@article{Cheng:2013cwa,
  author         = "Cheng, Hai-Yang",
  title          = "{Mixing angle of $K_1$ axial vector mesons}",
  year           = "2013",
  eprint         = "1311.2370",
  archivePrefix  = "arXiv",
  primaryClass   = "hep-ph",
  SLACcitation   = "%%CITATION = ARXIV:1311.2370;%%",
}


@article{Gligorov:2012qt,
  author         = "Gligorov, Vladimir V. and Williams, Mike",
  title          = "{Efficient, reliable and fast high-level triggering using
    a bonsai boosted decision tree}",
  journal        = "JINST",
  volume         = "8",
  pages          = "P02013",
  doi            = "10.1088/1748-0221/8/02/P02013",
  year           = "2013",
  eprint         = "1210.6861",
  archivePrefix  = "arXiv",
  primaryClass   = "physics.ins-det",
  SLACcitation   = "%%CITATION = ARXIV:1210.6861;%%",
}

@article{Albrecht:2013fba,
  author         = "Albrecht, Johannes and Gligorov, V.V. and Raven, G. and
    Tolk, S.",
  title          = "{Performance of the LHCb High Level Trigger in 2012}",
  collaboration  = "LHCb HLT project",
  journal        = "J.Phys.Conf.Ser.",
  volume         = "513",
  pages          = "012001",
  doi            = "10.1088/1742-6596/513/1/012001",
  year           = "2014",
  eprint         = "1310.8544",
  archivePrefix  = "arXiv",
  primaryClass   = "hep-ex",
  SLACcitation   = "%%CITATION = ARXIV:1310.8544;%%",
}

@article{Amhis:2012bh,
  author         = "Amhis, Y. and others",
  title          = "{Averages of B-Hadron, C-Hadron, and tau-lepton
    properties as of early 2012}",
  collaboration  = "Heavy Flavor Averaging Group",
  year           = "2012",
  eprint         = "1207.1158",
  archivePrefix  = "arXiv",
  primaryClass   = "hep-ex",
  reportNumber   = "SLAC-R-1002, FERMILAB-PUB-12-871-PPD",
  SLACcitation   = "%%CITATION = ARXIV:1207.1158;%%",
}

@article{Cline:2006ts,
  author         = "Cline, James M.",
  title          = "{Baryogenesis}",
  year           = "2006",
  eprint         = "hep-ph/0609145",
  archivePrefix  = "arXiv",
  primaryClass   = "hep-ph",
  SLACcitation   = "%%CITATION = HEP-PH/0609145;%%",
}

@article{Huet:1994jb,
  author         = "Huet, Patrick and Sather, Eric",
  title          = "{Electroweak baryogenesis and standard model CP violation}",
  journal        = "Phys.Rev.",
  volume         = "D51",
  pages          = "379-394",
  doi            = "10.1103/PhysRevD.51.379",
  year           = "1995",
  eprint         = "hep-ph/9404302",
  archivePrefix  = "arXiv",
  primaryClass   = "hep-ph",
  reportNumber   = "SLAC-PUB-6479",
  SLACcitation   = "%%CITATION = HEP-PH/9404302;%%",
}

@article{Aoyama:2012wj,
  author         = "Aoyama, Tatsumi and Hayakawa, Masashi and Kinoshita,
  Toichiro and Nio, Makiko",
  title          = "{Tenth-Order QED Contribution to the Electron g-2 and an Improved Value of the Fine Structure Constant}",
  journal        = "Phys.Rev.Lett.",
  volume         = "109",
  pages          = "111807",
  doi            = "10.1103/PhysRevLett.109.111807",
  year           = "2012",
  eprint         = "1205.5368",
  archivePrefix  = "arXiv",
  primaryClass   = "hep-ph",
  reportNumber   = "RIKEN-QHP-25",
  SLACcitation   = "%%CITATION = ARXIV:1205.5368;%%",
}

@article{1991SvPhU..34..392S,
  author = {{Sakharov}, A.~D.},
  title = "{SPECIAL ISSUE:  Violation of CP in variance, C asymmetry, and baryon asymmetry of the universe}",
  journal = {Soviet Physics Uspekhi},
  year = 1991,
  month = may,
  volume = 34,
  pages = {392-393},
  doi = {10.1070/PU1991v034n05ABEH002497},
  adsurl = {http://adsabs.harvard.edu/abs/1991SvPhU..34..392S},
  adsnote = {Provided by the SAO/NASA Astrophysics Data System}
}



